<record><leader>00000cas a22000007a 4500</leader><controlfield tag="001">13854020</controlfield><controlfield tag="008">860711d19701985njudr ne      0    0eng d</controlfield><datafield ind1=" " ind2=" " tag="010"><subfield code="a">sn 85036058 </subfield></datafield><datafield ind1=" " ind2=" " tag="040"><subfield code="a">NPA</subfield><subfield code="b">eng</subfield><subfield code="c">NPA</subfield><subfield code="d">DLC</subfield><subfield code="d">OCLCQ</subfield></datafield><datafield ind1=" " ind2=" " tag="042"><subfield code="a">msc</subfield></datafield><datafield ind1="0" ind2=" " tag="130"><subfield code="a">Home news (New Brunswick, N.J. : 1970)</subfield></datafield><datafield ind1="1" ind2="4" tag="245"><subfield code="a">The home news.</subfield></datafield><datafield ind1="3" ind2="0" tag="246"><subfield code="a">Sunday home news</subfield></datafield><datafield ind1="3" ind2="0" tag="246"><subfield code="a">Saturday home news</subfield></datafield><datafield ind1=" " ind2=" " tag="260"><subfield code="a">New Brunswick, N.J. :</subfield><subfield code="b">Hugh Boyd,</subfield><subfield code="c">1970-1985.</subfield></datafield><datafield ind1=" " ind2=" " tag="300"><subfield code="a">v. :</subfield><subfield code="b">ill.</subfield></datafield><datafield ind1=" " ind2=" " tag="310"><subfield code="a">Daily</subfield></datafield><datafield ind1="0" ind2=" " tag="362"><subfield code="a">Apr. 15, 1970-Mar. 31, 1985.</subfield></datafield><datafield ind1=" " ind2=" " tag="500"><subfield code="a">Sunday edition called: Sunday home news; Saturday edition called: Saturday home news.</subfield></datafield><datafield ind1=" " ind2=" " tag="500"><subfield code="a">Issue for June 21, 1974 also called: "New Jersey tercentenary edition."</subfield></datafield><datafield ind1=" " ind2=" " tag="530"><subfield code="a">Also issued on microfilm by Microfilming Corp. of America and Micro Photo Div., Bell &amp; Howell Co.</subfield></datafield><datafield ind1=" " ind2=" " tag="580"><subfield code="a">Three editions daily: central ed., home ed. and county ed.</subfield></datafield><datafield ind1=" " ind2=" " tag="752"><subfield code="a">United States</subfield><subfield code="b">New Jersey</subfield><subfield code="c">Middlesex</subfield><subfield code="d">New Brunswick.</subfield></datafield><datafield ind1="0" ind2="0" tag="780"><subfield code="t">Daily home news</subfield><subfield code="w">(DLC)sn 84026645</subfield></datafield><datafield ind1="0" ind2="0" tag="785"><subfield code="t">Central New Jersey home news</subfield><subfield code="w">(DLC)sn 85036059</subfield></datafield></record>